@article{shirey2007internet,
  title={Internet security glossary, version 2},
  author={Shirey, Robert W},
  year={2007}
},
@article{DAO,
  title={Core J2EE Patterns - Data Access Object},
  author={Sun Microsystems, Inc},
  year={2001-2002}
},
@article{fielding2006hypertext,
  title={Hypertext transfer protocol--HTTP/1.1, 1999},
  author={Fielding, Roy and Gettys, Jim and Mogul, Jeffrey and Frystyk, Henrik and Masinter, Larry and Leach, Paul and Berners-Lee, Tim},
  journal={RFC2616},
  year={2006}
},
@misc{w3c2004web,
  title={Web services architecture},
  author={W3C Working Group and W3C Working Group and others},
  year={2004}
},
@article{ramirez2000three,
  title={Three-tier architecture},
  author={Ramirez, Ariel Ortiz},
  journal={Linux Journal},
  volume={2000},
  number={75es},
  pages={7},
  year={2000},
  publisher={Belltown Media}
},
@article{mikowski2013single,
  title={Single page web applications},
  author={Mikowski, Michael S and Powell, Josh C},
  journal={B and W},
  year={2013}
},
@article{hdf2014hierarchical,
  title={Hierarchical data format, version 5},
  author={HDF Group and others},
  year={2014}
},
@book{crockford2008javascript,
  title={JavaScript: The Good Parts: The Good Parts},
  author={Crockford, Douglas},
  year={2008},
  publisher={" O'Reilly Media, Inc."}
},
@article{tilkov2010node,
  title={Node. js: Using JavaScript to build high-performance network programs},
  author={Tilkov, Stefan and Vinoski, Steve},
  journal={IEEE Internet Computing},
  volume={14},
  number={6},
  pages={80--83},
  year={2010},
  publisher={IEEE}
},
@article{schlueternode,
  title={The node package manager and registry},
  author={Schlueter, IZ},
  journal={URL: https://www. npmjs. org}
},
@incollection{liddle2011model,
  title={Model-driven software development},
  author={Liddle, Stephen W},
  booktitle={Handbook of Conceptual Modeling},
  pages={17--54},
  year={2011},
  publisher={Springer}
},
@misc{carlson2000method,
  title={Method of error handling in a framework},
  author={Carlson, Brent and Dahl, Tore and Fawcett, Bradley and Graser, Timothy},
  year={2000},
  month=apr # "~18",
  publisher={Google Patents},
  note={US Patent 6,052,525}
},
@article{garrett2005ajax,
  title={Ajax: A new approach to web applications},
  author={Garrett, Jesse James and others},
  year={2005}
},
@article{crockford2006application,
  title={The application/json media type for javascript object notation (json)},
  author={Crockford, Douglas},
  year={2006}
}